<?xml version="1.0" encoding="UTF-8"?><collection xmlns="http://www.loc.gov/MARC21/slim"><record><leader>00352nam--2200133-i-4500</leader><controlfield tag="001">000000933</controlfield><controlfield tag="002">20161230</controlfield><controlfield tag="005">20161230201024</controlfield><controlfield tag="008">060222s1000------------r-----000-0-eng-d</controlfield><datafield ind1=" " ind2=" " tag="080"><subfield code="a">537.53(043)</subfield></datafield><datafield ind1=" " ind2=" " tag="100"><subfield code="a">Henneqiun, J.Francois</subfield></datafield><datafield ind1=" " ind2=" " tag="245"><subfield code="a">Sur l emission ionique secondaire des metaux. these</subfield></datafield><datafield ind1=" " ind2=" " tag="260"><subfield code="a">Orsay, Universite, 1968. 122 P</subfield></datafield><datafield ind1=" " ind2=" " tag="852"><subfield code="a">78436</subfield></datafield></record></collection>